@online{latex_template,
	title        = {VUB LaTeX huisstijl},
	author       = {De Smet, Ruben},
	year         = 2021,
	url          = {https://gitlab.com/rubdos/texlive-vub},
	urldate      = {2021-09-28},
	note         = {GitHub commit: 2de903e5...}
}
@online{github_project,
	title        = {BCI Master Thesis @ VUB 2021 - 2022},
	author       = {Bontinck, Lennert},
	year         = 2021,
	url          = {https://github.com/pikawika/bci-master-thesis},
	urldate      = {2021-09-28},
	note         = {GitHub commit: 7e32955...}
}
@techreport{neuralink_whitepaper,
	title        = {An integrated brain-machine interface platform with thousands of channels},
	author       = {Musk, Elon and {Neuralink}},
	year         = 2019,
	month        = jul,
	doi          = {10.1101/703801},
	url          = {http://biorxiv.org/lookup/doi/10.1101/703801},
	urldate      = {2021-12-06},
	type         = {preprint},
	language     = {en},
	institution  = {Neuroscience}
}
@article{bci_review,
	title        = {Brain {Computer} {Interfaces}, a {Review}},
	author       = {Nicolas-Alonso, Luis Fernando and Gomez-Gil, Jaime},
	year         = 2012,
	month        = jan,
	journal      = {Sensors},
	volume       = 12,
	number       = 2,
	pages        = {1211--1279},
	doi          = {10.3390/s120201211},
	issn         = {1424-8220},
	url          = {http://www.mdpi.com/1424-8220/12/2/1211},
	urldate      = {2021-12-06},
	language     = {en}
}
@article{bci_history,
	title        = {The history of {BCI}: {From} a vision for the future to real support for personhood in people with locked-in syndrome},
	shorttitle   = {The history of {BCI}},
	author       = {Kübler, Andrea},
	year         = 2020,
	month        = jul,
	journal      = {Neuroethics},
	volume       = 13,
	number       = 2,
	pages        = {163--180},
	doi          = {10.1007/s12152-019-09409-4},
	issn         = {1874-5490, 1874-5504},
	url          = {http://link.springer.com/10.1007/s12152-019-09409-4},
	urldate      = {2021-12-06},
	language     = {en}
}
@book{bci_book,
	title        = {Brain–{Computer} {InterfacesPrinciples} and {Practice}},
	author       = {Wolpaw, Jonathan and Wolpaw, Elizabeth Winter},
	year         = 2012,
	month        = jan,
	publisher    = {Oxford University Press},
	doi          = {10.1093/acprof:oso/9780195388855.001.0001},
	doi          = {10.1093/acprof:oso/9780195388855.001.0001},
	isbn         = {978-0-19-538885-5},
	url          = {https://oxford.universitypressscholarship.com/view/10.1093/acprof:oso/9780195388855.001.0001/acprof-9780195388855},
	urldate      = {2021-12-06}
}
@article{bci_diseases,
	title        = {Therapeutic applications of {BCI} technologies},
	author       = {McFarland, Dennis J. and Daly, Janis and Boulay, Chadwick and Parvaz, Muhammad A.},
	year         = 2017,
	month        = apr,
	journal      = {Brain-Computer Interfaces},
	volume       = 4,
	number       = {1-2},
	pages        = {37--52},
	doi          = {10.1080/2326263X.2017.1307625},
	issn         = {2326-263X, 2326-2621},
	url          = {https://www.tandfonline.com/doi/full/10.1080/2326263X.2017.1307625},
	urldate      = {2021-12-06},
	language     = {en}
}
@article{bci_keyboard,
	title        = {Optimising non-invasive brain-computer interface systems for free communication between naïve human participants},
	author       = {Renton, Angela I. and Mattingley, Jason B. and Painter, David R.},
	year         = 2019,
	month        = dec,
	journal      = {Scientific Reports},
	volume       = 9,
	number       = 1,
	pages        = 18705,
	doi          = {10.1038/s41598-019-55166-y},
	issn         = {2045-2322},
	url          = {http://www.nature.com/articles/s41598-019-55166-y},
	urldate      = {2021-12-06},
	language     = {en}
}
@article{brainmapping,
	title        = {The brain},
	author       = {Hodson, Richard},
	year         = 2019,
	month        = jul,
	journal      = {Nature},
	volume       = 571,
	number       = 7766,
	pages        = {S1--S1},
	doi          = {10.1038/d41586-019-02206-2},
	issn         = {0028-0836, 1476-4687},
	url          = {http://www.nature.com/articles/d41586-019-02206-2},
	urldate      = {2021-12-06},
	language     = {en}
}
@article{deep_learn_low_label,
	title        = {{HAMLET}: {Interpretable} {Human} {And} {Machine} co-{LEarning} {Technique}},
	shorttitle   = {{HAMLET}},
	author       = {Deiss, Olivier and Biswal, Siddharth and Jin, Jing and Sun, Haoqi and Westover, M. Brandon and Sun, Jimeng},
	year         = 2018,
	month        = aug,
	journal      = {arXiv:1803.09702 [cs, stat]},
	url          = {http://arxiv.org/abs/1803.09702},
	urldate      = {2021-12-06},
	note         = {arXiv: 1803.09702}
}
@article{early_bci,
	title        = {Toward {Direct} {Brain}-{Computer} {Communication}},
	author       = {Vidal, J J},
	year         = 1973,
	month        = jun,
	journal      = {Annual Review of Biophysics and Bioengineering},
	volume       = 2,
	number       = 1,
	pages        = {157--180},
	doi          = {10.1146/annurev.bb.02.060173.001105},
	issn         = {0084-6589},
	url          = {https://www.annualreviews.org/doi/10.1146/annurev.bb.02.060173.001105},
	urldate      = {2021-12-07},
	language     = {en}
}
